
@misc{_south_????,
	title = {South {African} {Council} for {Professional} and {Technical} {Surveyors} ({PLATO})},
	shorttitle = {{PLATO}},
	url = {http://plato.org.za/},
	journal = {South African Council for Professional and Technical Surveyors (PLATO)}
}

@misc{_iso_????,
	title = {{ISO} {Certification}},
	shorttitle = {{ISO} {Certification}},
	url = {http://www.iso.org/iso/home/standards/certification.htm},
	journal = {ISO Certification}
}

@misc{_iso_????-1,
	title = {{ISO} {Certification}},
	shorttitle = {{ISO} {Certification}},
	url = {http://www.fugromarinestar.com/about/iso},
	journal = {ISO Certification}
}

@misc{_iso_????-2,
	title = {{ISO} 31000 - {Risk} management},
	shorttitle = {{ISO} 31000 - {Risk} management},
	url = {http://www.iso.org/iso/home/standards/iso31000.htm},
	journal = {ISO 31000 - Risk management}
}

@misc{_get_????,
	title = {Get your {ISO} 9000 / {ISO} 9001 certification with {ISO} {Sure}},
	url = {http://www.iso9000.co.za/},
	abstract = {
ISO 9000 is the family of standards for quality management systems. Its purpose is facilitating and enabling consistency of services and products. By doing this, one can be sure that customer requirements are met. ISO (International Organisation for Standardisation) is responsible for maintaining ISO 9000:2008. ISO 9000 is administered by certification and accreditation bodies.}
}